<record><leader>00000cas a22000007a 4500</leader><controlfield tag="001">13226714</controlfield><controlfield tag="008">860304d18811882couwr ne      0    0eng d</controlfield><datafield ind1=" " ind2=" " tag="010"><subfield code="a">sn 86063362 </subfield></datafield><datafield ind1=" " ind2=" " tag="040"><subfield code="a">KSH</subfield><subfield code="b">eng</subfield><subfield code="c">KSH</subfield><subfield code="d">NPT</subfield><subfield code="d">CNQ</subfield><subfield code="d">OCLCQ</subfield><subfield code="d">DLC</subfield><subfield code="d">OCLCF</subfield></datafield><datafield ind1=" " ind2=" " tag="042"><subfield code="a">msc</subfield></datafield><datafield ind1=" " ind2=" " tag="043"><subfield code="a">n-us-co</subfield></datafield><datafield ind1="0" ind2="0" tag="050"><subfield code="a">Newspaper</subfield></datafield><datafield ind1="0" ind2="4" tag="245"><subfield code="a">The Garfield banner.</subfield></datafield><datafield ind1=" " ind2=" " tag="260"><subfield code="a">Tin Cup, Gunnison County, Colo. :</subfield><subfield code="b">A.E. Saxey</subfield></datafield><datafield ind1=" " ind2=" " tag="300"><subfield code="a">v.</subfield></datafield><datafield ind1=" " ind2=" " tag="310"><subfield code="a">Weekly</subfield></datafield><datafield ind1="0" ind2=" " tag="362"><subfield code="a">Vol. 1, no. 1 (Sept. 10, 1881)-v. 1, no. 34 (Apr. 29, 1882).</subfield></datafield><datafield ind1=" " ind2="0" tag="651"><subfield code="a">Tincup (Colo.)</subfield><subfield code="v">Newspapers.</subfield></datafield><datafield ind1=" " ind2="7" tag="655"><subfield code="a">Newspapers.</subfield><subfield code="2">fast</subfield><subfield code="0">(OCoLC)fst01423814</subfield></datafield><datafield ind1=" " ind2="7" tag="651"><subfield code="a">Colorado</subfield><subfield code="z">Tincup.</subfield><subfield code="2">fast</subfield><subfield code="0">(OCoLC)fst01236309</subfield></datafield><datafield ind1=" " ind2=" " tag="752"><subfield code="a">United States</subfield><subfield code="b">Colorado</subfield><subfield code="c">Gunnison</subfield><subfield code="d">Tin Cup.</subfield></datafield><datafield ind1="0" ind2="0" tag="785"><subfield code="t">Tin Cup banner</subfield><subfield code="w">(DLC)sn 90051563</subfield></datafield></record>